@article{breiman2001random,
  title={Random forests},
  author={Breiman, Leo},
  journal={Machine learning},
  volume={45},
  number={1},
  pages={5--32},
  year={2001},
  publisher={Springer}
}

@article{smartwatch_market_2024 ,
  title={The smartwatch market could break 100 million units shipped by 2024: new market research},
  author={Deirdre O Donnell},
  journal={Notebookcheck},
  howpublished = {\url{https://www.notebookcheck.net/The-smartwatch-market-could-break-100-million-units-shipped-by-2024-new-market-research.459854.0.html}},
  year={2020},
  month={April},
  note = {Accessed: 2020-04-20}
}

@misc{stanfordMedicineCovid-19,
  title = {Stanford Medicine scientists hope to use data from wearable devices to predict illness, including COVID-19},
  author={Hanae Armitage},
  howpublished = {\url{https://med.stanford.edu/news/all-news/2020/04/wearable-devices-for-predicting-illness-.html}},
  year={2020},
  month={April},
  note = {Accessed: 2020-04-25}
}

@misc{bluetoothMarket,
  title = {Market Update 2020},
  howpublished = {\url{https://www.bluetooth.com/bluetooth-resources/2020-bmu/}},
  note = {Accessed: 2020-04-30}
}

@misc{bluetoothSpecs,
  title = {Bluetooth Specification},
  howpublished = {\url{https://www.bluetooth.com/specifications/bluetooth-core-specification/}},
  note = {Accessed: 2020-05-13}
}


@misc{smartVsTraditionalWatch,
  title = {Will Smartwatches Replace Traditional Watches?},
  author={Maygen Jacques},
  howpublished = {\url{https://www.superwatches.com/will-smartwatches-replace-traditional-watches/}},
  year={2020},
  month={February},
  note = {Accessed: 2020-04-30}
}


@misc{dutchCovid-19,
  title = {Dutch hospital investigating whether smartwatch can detect Covid-19},
  author={Janene Pieters},
  howpublished = {\url{}},
  note = {Accessed: 2020-04-28}
}

@misc{bestWearOSApp,
  title = {The best Wear OS apps},
  author={Simon Hill},
  howpublished = {\url{https://www.digitaltrends.com/wearables/best-wear-os-apps/}},
  year={2019},
  month={November},
  note = {Accessed: 2020-01-27}
}

@misc{bestWearOSApp2,
  title = {Best Wear OS apps for your smartwatch},
  author={Andrew Williams},
  howpublished = {\url{https://www.techradar.com/uk/news/best-wear-os-apps}},
  year={2018},
  month={October},
  note = {Accessed: 2020-01-27}
}


@inproceedings{10.1145/3081333.3081351,
author = {Liu, Xing and Chen, Tianyu and Qian, Feng and Guo, Zhixiu and Lin, Felix Xiaozhu and Wang, Xiaofeng and Chen, Kai},
title = {Characterizing Smartwatch Usage in the Wild},
year = {2017},
isbn = {9781450349284},
publisher = {Association for Computing Machinery},
address = {New York, NY, USA},
url = {https://doi.org/10.1145/3081333.3081351},
doi = {10.1145/3081333.3081351},
booktitle = {Proceedings of the 15th Annual International Conference on Mobile Systems, Applications, and Services},
pages = {385–398},
numpages = {14},
keywords = {wearable devices, power model, smartwatch},
location = {Niagara Falls, New York, USA},
series = {MobiSys ’17}
}

@inproceedings{predictabilityOfSmartwatch,
author = {Yao, Yunsheng and Liu, Xing and Qian, Feng},
title = {Understanding the Predictability of Smartwatch Usage},
year = {2019},
isbn = {9781450367752},
publisher = {Association for Computing Machinery},
address = {New York, NY, USA},
url = {https://doi.org/10.1145/3325424.3329661},
doi = {10.1145/3325424.3329661},
booktitle = {The 5th ACM Workshop on Wearable Systems and Applications},
pages = {11–16},
numpages = {6},
keywords = {smartwatch, usage predictability, energy consumption},
location = {Seoul, Republic of Korea},
series = {WearSys ’19}
}


@article { OnRealisticallyAttackingTorwithWebsiteFingerprinting,
      author = "Tao Wang and Ian Goldberg",
      title = "On Realistically Attacking Tor with Website Fingerprinting",
      journal = "Proceedings on Privacy Enhancing Technologies",
      year = "2016",
      publisher = "Sciendo",
      address = "Berlin",
      volume = "2016",
      number = "4",
      pages = "21 - 36",
      url = "https://content.sciendo.com/view/journals/popets/2016/4/article-p21.xml"
}

@inproceedings {k-fingerprinting,
author = {Jamie Hayes and George Danezis},
title = {k-fingerprinting: A Robust Scalable Website Fingerprinting Technique},
booktitle = {25th {USENIX} Security Symposium ({USENIX} Security 16)},
year = {2016},
isbn = {978-1-931971-32-4},
address = {Austin, TX},
pages = {1187--1203},
url = {https://www.usenix.org/conference/usenixsecurity16/technical-sessions/presentation/hayes},
publisher = {{USENIX} Association},
month = aug,
}

@ARTICLE { fingerprintWearableDevices,
author={H. {Aksu} and A. S. {Uluagac} and E. {Bentley}},
journal={IEEE Transactions on Sustainable Computing}, 
title={Identification of Wearable Devices with Bluetooth}, 
year={2018},
volume={}, 
number={}, 
pages={1-1},} 


@inproceedings{ blueEar ,
author = {Albazrqaoe, Wahhab and Huang, Jun and Xing, Guoliang},
title = {Practical Bluetooth Traffic Sniffing: Systems and Privacy Implications},
year = {2016},
isbn = {9781450342698},
publisher = {Association for Computing Machinery},
address = {New York, NY, USA},
url = {https://doi.org/10.1145/2906388.2906403},
doi = {10.1145/2906388.2906403},
booktitle = {Proceedings of the 14th Annual International Conference on Mobile Systems, Applications, and Services},
pages = {333–345},
numpages = {13},
keywords = {selective jamming, bluetooth traffic sniffing, bluetooth channel classification, bluetooth security and privacy},
location = {Singapore, Singapore},
series = {MobiSys ’16}
}

@techreport{rfc4493,
AUTHOR = "Song, JH and Poovendran, R and Lee, J and Iwata, T",
TITLE = "{The AES-CMAC Algorithm}",
TYPE="{RFC}",
NUMBER=4493,
PAGES = {1-20},
YEAR = {2006},
MONTH = {June},
PUBLISHER = "{RFC Editor}",
INSTITUTION = "{RFC Editor}",
URL={https://tools.ietf.org/html/rfc4493}
}

@book{hankerson2006guide,
  title={Guide to elliptic curve cryptography},
  author={Hankerson, Darrel and Menezes, Alfred J and Vanstone, Scott},
  year={2006},
  publisher={Springer Science \& Business Media}
}

@article{cheng1998traffic,
  title={Traffic analysis of ssl encrypted web browsing},
  author={Cheng, Heyning and Avnur, Ron},
  journal={URL citeseer. ist. psu. edu/656522. html},
  year={1998},
  publisher={Citeseer}
}

@inproceedings{10.5555/829514.830535,
author = {Sun, Qixiang and Simon, Daniel R. and Wang, Yi-Min and Russell, Wilf and Padmanabhan, Venkata N. and Qiu, Lili},
title = {Statistical Identification of Encrypted Web Browsing Traffic},
year = {2002},
isbn = {0769515436},
publisher = {IEEE Computer Society},
address = {USA},
booktitle = {Proceedings of the 2002 IEEE Symposium on Security and Privacy},
pages = {19},
numpages = {1},
keywords = {encrypted web traffic, identification},
series = {SP ’02}
}

@inproceedings{liberatore2006inferring,
  title={Inferring the source of encrypted HTTP connections},
  author={Liberatore, Marc and Levine, Brian Neil},
  booktitle={Proceedings of the 13th ACM conference on Computer and communications security},
  pages={255--263},
  year={2006}
}

@inproceedings{10.1145/2046556.2046570,
author = {Panchenko, Andriy and Niessen, Lukas and Zinnen, Andreas and Engel, Thomas},
title = {Website Fingerprinting in Onion Routing Based Anonymization Networks},
year = {2011},
publisher = {Association for Computing Machinery},
address = {New York, NY, USA},
url = {https://doi.org/10.1145/2046556.2046570},
doi = {10.1145/2046556.2046570},
booktitle = {Proceedings of the 10th Annual ACM Workshop on Privacy in the Electronic Society},
pages = {103–114},
numpages = {12},
keywords = {privacy, pattern recognition, anonymous communication, traffic analysis, website fingerprinting},
location = {Chicago, Illinois, USA},
series = {WPES ’11}
}

@inproceedings{cai2012touching,
  title={Touching from a distance: Website fingerprinting attacks and defenses},
  author={Cai, Xiang and Zhang, Xin Cheng and Joshi, Brijesh and Johnson, Rob},
  booktitle={Proceedings of the 2012 ACM conference on Computer and communications security},
  pages={605--616},
  year={2012}
}

@inproceedings{10.1145/2517840.2517851,
author = {Wang, Tao and Goldberg, Ian},
title = {Improved Website Fingerprinting on Tor},
year = {2013},
isbn = {9781450324854},
publisher = {Association for Computing Machinery},
address = {New York, NY, USA},
url = {https://doi.org/10.1145/2517840.2517851},
doi = {10.1145/2517840.2517851},
booktitle = {Proceedings of the 12th ACM Workshop on Workshop on Privacy in the Electronic Society},
pages = {201–212},
numpages = {12},
keywords = {tor, website fingerprinting, anonymity},
location = {Berlin, Germany},
series = {WPES ’13}
}

@inproceedings {184463,
author = {Tao Wang and Xiang Cai and Rishab Nithyanand and Rob Johnson and Ian Goldberg},
title = {Effective Attacks and Provable Defenses for Website Fingerprinting},
booktitle = {23rd {USENIX} Security Symposium ({USENIX} Security 14)},
year = {2014},
isbn = {978-1-931971-15-7},
address = {San Diego, CA},
pages = {143--157},
url = {https://www.usenix.org/conference/usenixsecurity14/technical-sessions/presentation/wang_tao},
publisher = {{USENIX} Association},
month = aug,
}
@inproceedings{he2018deep,
  title={A Deep Learning Approach for Website Fingerprinting Attack},
  author={He, Xiaomin and Wang, Jin and He, Yueying and Shi, Yijie},
  booktitle={2018 IEEE 4th International Conference on Computer and Communications (ICCC)},
  pages={1419--1423},
  year={2018},
  organization={IEEE}
}


@article{bhat2019var,
  title={Var-CNN: A data-efficient website fingerprinting attack based on deep learning},
  author={Bhat, Sanjit and Lu, David and Kwon, Albert and Devadas, Srinivas},
  journal={Proceedings on Privacy Enhancing Technologies},
  volume={2019},
  number={4},
  pages={292--310},
  year={2019},
  publisher={Sciendo}
}

@article{rahman2019tik,
  title={Tik-Tok: The utility of packet timing in website fingerprinting attacks},
  author={Rahman, Mohammad Saidur and Sirinam, Payap and Matthews, Nate and Gangadhara, Kantha Girish and Wright, Matthew},
  journal={arXiv preprint arXiv:1902.06421},
  year={2019}
}

@inproceedings{juarez2014critical,
  title={A critical evaluation of website fingerprinting attacks},
  author={Juarez, Marc and Afroz, Sadia and Acar, Gunes and Diaz, Claudia and Greenstadt, Rachel},
  booktitle={Proceedings of the 2014 ACM SIGSAC Conference on Computer and Communications Security},
  pages={263--274},
  year={2014}
}

@inproceedings{juarez2014critical,
  title={A critical evaluation of website fingerprinting attacks},
  author={Juarez, Marc and Afroz, Sadia and Acar, Gunes and Diaz, Claudia and Greenstadt, Rachel},
  booktitle={Proceedings of the 2014 ACM SIGSAC Conference on Computer and Communications Security},
  pages={263--274},
  year={2014}
}


@misc{juarez2015efficient,
    title={Toward an Efficient Website Fingerprinting Defense},
    author={Marc Juarez and Mohsen Imani and Mike Perry and Claudia Diaz and Matthew Wright},
    year={2015},
    eprint={1512.00524},
    archivePrefix={arXiv},
    primaryClass={cs.CR}
}

@article{conti2015analyzing,
  title={Analyzing android encrypted network traffic to identify user actions},
  author={Conti, Mauro and Mancini, Luigi Vincenzo and Spolaor, Riccardo and Verde, Nino Vincenzo},
  journal={IEEE Transactions on Information Forensics and Security},
  volume={11},
  number={1},
  pages={114--125},
  year={2015},
  publisher={IEEE}
}

@inproceedings{conti2015can,
  title={Can't you hear me knocking: Identification of user actions on android apps via traffic analysis},
  author={Conti, Mauro and Mancini, Luigi V and Spolaor, Riccardo and Verde, Nino Vincenzo},
  booktitle={Proceedings of the 5th ACM Conference on Data and Application Security and Privacy},
  pages={297--304},
  year={2015}
 }
  
@inproceedings{taylor2016appscanner,
  title={Appscanner: Automatic fingerprinting of smartphone apps from encrypted network traffic},
  author={Taylor, Vincent F and Spolaor, Riccardo and Conti, Mauro and Martinovic, Ivan},
  booktitle={2016 IEEE European Symposium on Security and Privacy (EuroS\&P)},
  pages={439--454},
  year={2016},
  organization={IEEE}
}



@article{taylor2017robust,
  title={Robust smartphone app identification via encrypted network traffic analysis},
  author={Taylor, Vincent F and Spolaor, Riccardo and Conti, Mauro and Martinovic, Ivan},
  journal={IEEE Transactions on Information Forensics and Security},
  volume={13},
  number={1},
  pages={63--78},
  year={2017},
  publisher={IEEE}
}


@article{wang2020real,
  title={Real Network Traffic Collection and Deep Learning for Mobile App Identification},
  author={Wang, Xin and Chen, Shuhui and Su, Jinshu},
  journal={Wireless Communications and Mobile Computing},
  volume={2020},
  year={2020},
  publisher={Hindawi}
}

@inproceedings{das2016uncovering,
  title={Uncovering privacy leakage in ble network traffic of wearable fitness trackers},
  author={Das, Aveek K and Pathak, Parth H and Chuah, Chen-Nee and Mohapatra, Prasant},
  booktitle={Proceedings of the 17th International Workshop on Mobile Computing Systems and Applications},
  pages={99--104},
  year={2016}
}


@article{acar2018peek,
  title={Peek-a-Boo: I see your smart home activities, even encrypted!},
  author={Acar, Abbas and Fereidooni, Hossein and Abera, Tigist and Sikder, Amit Kumar and Miettinen, Markus and Aksu, Hidayet and Conti, Mauro and Sadeghi, Ahmad-Reza and Uluagac, A Selcuk},
  journal={arXiv preprint arXiv:1808.02741},
  year={2018}
}

@inproceedings{10.1145/3274694.3274697,
author = {Xu, Yixiao and Wang, Tao and Li, Qi and Gong, Qingyuan and Chen, Yang and Jiang, Yong},
title = {A Multi-Tab Website Fingerprinting Attack},
year = {2018},
isbn = {9781450365697},
publisher = {Association for Computing Machinery},
address = {New York, NY, USA},
url = {https://doi.org/10.1145/3274694.3274697},
doi = {10.1145/3274694.3274697},
booktitle = {Proceedings of the 34th Annual Computer Security Applications Conference},
pages = {327–341},
numpages = {15},
keywords = {Machine learning, Website fingerprinting attack},
location = {San Juan, PR, USA},
series = {ACSAC ’18}
}

@article{beutel2017data,
  title={Data decisions and theoretical implications when adversarially learning fair representations},
  author={Beutel, Alex and Chen, Jilin and Zhao, Zhe and Chi, Ed H},
  journal={arXiv preprint arXiv:1707.00075},
  year={2017}
}


@inproceedings{wright2009traffic,
  title={Traffic Morphing: An Efficient Defense Against Statistical Traffic Analysis.},
  author={Wright, Charles V and Coull, Scott E and Monrose, Fabian},
  booktitle={NDSS},
  volume={9},
  year={2009},
  organization={Citeseer}
}
